<?xml version="1.0" encoding="UTF-8"?><collection xmlns="http://www.loc.gov/MARC21/slim"><record><leader>00323nam--2200121-i-4500</leader><controlfield tag="001">000041128</controlfield><controlfield tag="002">20161230</controlfield><controlfield tag="005">20161230201043</controlfield><controlfield tag="008">060222s1000------------r-----000-0-eng-d</controlfield><datafield ind1=" " ind2=" " tag="245"><subfield code="a">Semiconductor reliability</subfield></datafield><datafield ind1=" " ind2=" " tag="260"><subfield code="a">Elizabeth, N.J.,Engineering Publ.,1961. Ix+309 P</subfield></datafield><datafield ind1=" " ind2=" " tag="700"><subfield code="a">John E.Shwop And H.J.Sulivan</subfield></datafield><datafield ind1=" " ind2=" " tag="852"><subfield code="a">17568</subfield></datafield></record></collection>